@book{rodberg,
   title =     {Introduction to the Quantum Theory of Scattering},
   author =    {L. S. Rodberg, R. M. Thaler},
   publisher = {Academic Pr},
   year =      {1967},
}

@book{LL,
   title =     {Теоретическая физика. В 10 томах. Том 03. Квантовая механика: нерелятивистская теория},
   author =    {Ландау Л.Д., Лифшиц Е.М.},
   publisher = {ФМЛ},
   year = {2002}
}

@book{thijssen,
   title =     {Computational Physics},
   author =    {J. M. Thijssen},
   publisher = {Cambridge University Press},
   year =      {1999},
   series =    {},
   edition =   {},
   volume =    {},
}

@article{toennies1979,
  title={Molecular beam scattering studies of orbiting resonances and the determination of van der Waals potentials for H--Ne, Ar, Kr, and Xe and for H2--Ar, Kr, and Xe},
  author={Toennies, J Peter and Welz, Wolfgang and Wolf, G{\"u}nther},
  journal={The Journal of Chemical Physics},
  volume={71},
  number={2},
  pages={614--642},
  year={1979},
  publisher={AIP}
}

